<record><leader>00000cas a22000007i 4500</leader><controlfield tag="001">951746057</controlfield><controlfield tag="006">m     o  d        </controlfield><controlfield tag="007">cr bn|---uuuuu</controlfield><controlfield tag="008">160615d19711976ilubr neo     0   a0eng  </controlfield><datafield ind1=" " ind2=" " tag="010"><subfield code="a">  2017202597</subfield></datafield><datafield ind1=" " ind2=" " tag="040"><subfield code="a">MAC</subfield><subfield code="b">eng</subfield><subfield code="e">rda</subfield><subfield code="c">MAC</subfield><subfield code="d">OCLCO</subfield><subfield code="d">MIGCL</subfield><subfield code="d">OTZ</subfield><subfield code="d">DLC</subfield></datafield><datafield ind1=" " ind2=" " tag="012"><subfield code="l">1</subfield></datafield><datafield ind1="0" ind2=" " tag="022"><subfield code="a">2574-3252</subfield><subfield code="2">1</subfield></datafield><datafield ind1=" " ind2=" " tag="042"><subfield code="a">pcc</subfield><subfield code="a">nsdp</subfield></datafield><datafield ind1="1" ind2="0" tag="050"><subfield code="a">ISSN RECORD</subfield></datafield><datafield ind1="1" ind2="0" tag="082"><subfield code="a">322</subfield><subfield code="2">23</subfield></datafield><datafield ind1="0" ind2=" " tag="130"><subfield code="a">Lavender woman (Chicago., Ill.)</subfield></datafield><datafield ind1=" " ind2="0" tag="222"><subfield code="a">Lavender woman</subfield><subfield code="b">(Online)</subfield></datafield><datafield ind1="0" ind2="0" tag="245"><subfield code="a">Lavender woman.</subfield></datafield><datafield ind1="1" ind2=" " tag="246"><subfield code="i">Also known as:</subfield><subfield code="a">LW</subfield></datafield><datafield ind1=" " ind2="1" tag="264"><subfield code="a">Chicago, Ill.</subfield><subfield code="b">Lavender Woman</subfield></datafield><datafield ind1=" " ind2=" " tag="300"><subfield code="a">online resource</subfield><subfield code="b">illustrations</subfield></datafield><datafield ind1=" " ind2=" " tag="310"><subfield code="a">Bimonthly</subfield></datafield><datafield ind1=" " ind2=" " tag="336"><subfield code="a">text</subfield><subfield code="b">txt</subfield><subfield code="2">rdacontent</subfield></datafield><datafield ind1=" " ind2=" " tag="337"><subfield code="a">computer</subfield><subfield code="b">c</subfield><subfield code="2">rdamedia</subfield></datafield><datafield ind1=" " ind2=" " tag="338"><subfield code="a">online resource</subfield><subfield code="b">cr</subfield><subfield code="2">rdacarrier</subfield></datafield><datafield ind1="1" ind2=" " tag="362"><subfield code="a">Began with: Volume 1, no. 1 (November 1971); Ceased with: Volume 5, number 1 (July 1976).</subfield></datafield><datafield ind1=" " ind2=" " tag="530"><subfield code="a">Available on microfilm;</subfield><subfield code="b">Primary Source Microfilm.</subfield></datafield><datafield ind1=" " ind2=" " tag="588"><subfield code="a">Description based on: Volume 1, no. 1 (Noverember 1971); title from PDF cover image (Independent Voices website, viewed on August 19, 2017).</subfield></datafield><datafield ind1=" " ind2=" " tag="588"><subfield code="a">Latest issue consulted: Volume 5, number 1 (July 1976) (viewed on August 19, 2017).</subfield></datafield><datafield ind1=" " ind2="0" tag="650"><subfield code="a">Lesbianism</subfield><subfield code="z">Illinois</subfield><subfield code="z">Chicago</subfield><subfield code="v">Newspapers.</subfield></datafield><datafield ind1=" " ind2="0" tag="650"><subfield code="a">Lesbians</subfield><subfield code="z">Illinois</subfield><subfield code="z">Chicago</subfield><subfield code="v">Newspapers.</subfield></datafield><datafield ind1=" " ind2="0" tag="650"><subfield code="a">Lesbianism</subfield><subfield code="z">United States</subfield><subfield code="v">Newspapers.</subfield></datafield><datafield ind1=" " ind2="0" tag="650"><subfield code="a">Gay liberation movement</subfield><subfield code="z">Illinois</subfield><subfield code="z">Chicago</subfield><subfield code="v">Newspapers.</subfield></datafield><datafield ind1=" " ind2="0" tag="650"><subfield code="a">Lesbian feminism</subfield><subfield code="v">Newspapers.</subfield></datafield><datafield ind1=" " ind2="0" tag="650"><subfield code="a">Lesbian separatism</subfield><subfield code="v">Newspapers.</subfield></datafield><datafield ind1=" " ind2="0" tag="650"><subfield code="a">Feminism</subfield><subfield code="z">United States</subfield><subfield code="v">Newspapers.</subfield></datafield><datafield ind1=" " ind2="0" tag="650"><subfield code="a">Lesbianism in literature</subfield><subfield code="v">Newspapers.</subfield></datafield><datafield ind1=" " ind2="0" tag="650"><subfield code="a">Lesbians' writings</subfield><subfield code="v">Newspapers.</subfield></datafield><datafield ind1=" " ind2="0" tag="651"><subfield code="a">Chicago (Ill.)</subfield><subfield code="v">Newspapers.</subfield></datafield><datafield ind1=" " ind2="0" tag="651"><subfield code="a">Cook County (Ill.)</subfield><subfield code="v">Newspapers.</subfield></datafield><datafield ind1=" " ind2="7" tag="650"><subfield code="a">Feminism.</subfield><subfield code="2">fast</subfield><subfield code="0">(OCoLC)fst00922671</subfield></datafield><datafield ind1=" " ind2="7" tag="650"><subfield code="a">Gay liberation movement.</subfield><subfield code="2">fast</subfield><subfield code="0">(OCoLC)fst00939104</subfield></datafield><datafield ind1=" " ind2="7" tag="650"><subfield code="a">Lesbian feminism.</subfield><subfield code="2">fast</subfield><subfield code="0">(OCoLC)fst00996482</subfield></datafield><datafield ind1=" " ind2="7" tag="650"><subfield code="a">Lesbian separatism.</subfield><subfield code="2">fast</subfield><subfield code="0">(OCoLC)fst01747884</subfield></datafield><datafield ind1=" " ind2="7" tag="650"><subfield code="a">Lesbianism.</subfield><subfield code="2">fast</subfield><subfield code="0">(OCoLC)fst00996514</subfield></datafield><datafield ind1=" " ind2="7" tag="650"><subfield code="a">Lesbianism in literature.</subfield><subfield code="2">fast</subfield><subfield code="0">(OCoLC)fst00996536</subfield></datafield><datafield ind1=" " ind2="7" tag="650"><subfield code="a">Lesbians.</subfield><subfield code="2">fast</subfield><subfield code="0">(OCoLC)fst00996540</subfield></datafield><datafield ind1=" " ind2="7" tag="650"><subfield code="a">Lesbians' writings.</subfield><subfield code="2">fast</subfield><subfield code="0">(OCoLC)fst00996592</subfield></datafield><datafield ind1=" " ind2="7" tag="651"><subfield code="a">Illinois</subfield><subfield code="z">Chicago.</subfield><subfield code="2">fast</subfield><subfield code="0">(OCoLC)fst01204048</subfield></datafield><datafield ind1=" " ind2="7" tag="651"><subfield code="a">Illinois</subfield><subfield code="z">Cook County.</subfield><subfield code="2">fast</subfield><subfield code="0">(OCoLC)fst01205334</subfield></datafield><datafield ind1=" " ind2="7" tag="651"><subfield code="a">United States.</subfield><subfield code="2">fast</subfield><subfield code="0">(OCoLC)fst01204155</subfield></datafield><datafield ind1=" " ind2="7" tag="655"><subfield code="a">Newspapers.</subfield><subfield code="2">fast</subfield><subfield code="0">(OCoLC)fst01423814</subfield></datafield><datafield ind1=" " ind2=" " tag="752"><subfield code="a">United States</subfield><subfield code="b">Illinois</subfield><subfield code="c">Cook</subfield><subfield code="d">Chicago.</subfield></datafield><datafield ind1="0" ind2="8" tag="776"><subfield code="i">Print version:</subfield><subfield code="t">Lavender woman (Chicago, Ill.)</subfield><subfield code="x">2574-3244</subfield><subfield code="w">(DLC)sn 93020475</subfield><subfield code="w">(OCoLC)28896850</subfield></datafield><datafield ind1="4" ind2="0" tag="856"><subfield code="u">http://voices.revealdigital.com/cgi-bin/independentvoices?a=cl&amp;cl=CL1&amp;sp=CIIJGIFA&amp;ai=1&amp;e=-------en-20--1--txt-txIN---------------1</subfield></datafield><datafield ind1="4" ind2="0" tag="856"><subfield code="3">Gale Cengage Learning, Archives of Human Sexuality and Identity: LGBTQ History and Culture since 1940</subfield><subfield code="u">http://gdc.galegroup.com/gdc/artemis/atp/AboutThisPublicationPortletWin?mCode=3BVN&amp;p=AHSI&amp;prodId=AHSI&amp;action=e&amp;windowstate=normal&amp;mode=view&amp;userGroupName=</subfield></datafield><datafield ind1="4" ind2="0" tag="856"><subfield code="3">Gale Cengage Learning, Archives of Sexuality &amp; Gender: LGBTQ History and Culture since 1940</subfield><subfield code="u">https://login.proxy.bib.uottawa.ca/login?url=http://gdc.galegroup.com/gdc/artemis/atp/AboutThisPublicationPortletWin?mCode=3BVN&amp;p=AHSI&amp;prodId=AHSI&amp;action=e&amp;windowstate=normal&amp;mode=view&amp;userGroupName=otta77973</subfield><subfield code="z">Archives of Sexuality &amp; Gender</subfield></datafield><datafield ind1=" " ind2=" " tag="856"><subfield code="3">Gale Cengage Learning, Women's Studies Archive</subfield><subfield code="u">http://link.galegroup.com/apps/pub/00MJ/WMNS?sid=gale_marc&amp;u=</subfield></datafield><datafield ind1="1" ind2=" " tag="029"><subfield code="a">AU@</subfield><subfield code="b">000058460558</subfield></datafield></record>